<?xml version="1.0" encoding="UTF-8"?><collection><record><leader>06086ntm a2200577 a 4500</leader><controlfield tag="001">006079809</controlfield><controlfield tag="003">MiAaHDL</controlfield><controlfield tag="005">20190719000000.0</controlfield><controlfield tag="006">m        d        </controlfield><controlfield tag="007">cr bn ---auaua</controlfield><controlfield tag="008">090413s1713    xx            00| ||ota d</controlfield><datafield tag="035" ind1=" " ind2=" "><subfield code="a">(MiU)006079809</subfield></datafield><datafield tag="035" ind1=" " ind2=" "><subfield code="a">sdr-miu006079809</subfield></datafield><datafield tag="040" ind1=" " ind2=" "><subfield code="a">MiU</subfield><subfield code="c">MiU</subfield><subfield code="e">amremm</subfield></datafield><datafield tag="041" ind1="0" ind2=" "><subfield code="a">ota</subfield><subfield code="a">ara</subfield></datafield><datafield tag="043" ind1=" " ind2=" "><subfield code="a">n-us-mi</subfield></datafield><datafield tag="100" ind1="0" ind2=" "><subfield code="6">880-01</subfield><subfield code="a">Minkarizade Yahya Efendi,</subfield><subfield code="d">1609 or 1610-1678.</subfield></datafield><datafield tag="245" ind1="1" ind2="0"><subfield code="6">880-03</subfield><subfield code="a">Fetava-yı Ataullah,</subfield><subfield code="f">[1125, i.e. 1713].</subfield></datafield><datafield tag="260" ind1=" " ind2=" "><subfield code="c">[1713].</subfield></datafield><datafield tag="300" ind1=" " ind2=" "><subfield code="a">368 leaves :</subfield><subfield code="b">paper ;</subfield><subfield code="c">278 x 170 (203 x 83) mm.</subfield></datafield><datafield tag="500" ind1=" " ind2=" "><subfield code="a">Shelfmark: Ann Arbor, University of Michigan, Special Collections Library, Isl. Ms. 68</subfield></datafield><datafield tag="500" ind1=" " ind2=" "><subfield code="a">Origin: As appears in colophon on p.772, transcription finished 29 Rabīʻ II 1125 [ca. 25 May 1713].</subfield></datafield><datafield tag="500" ind1=" " ind2=" "><subfield code="a">Accompanying materials: Numerous inserts have been paginated including a few documents, scraps carrying notes or glosses, an entire bifolium from another manuscript, etc. ; several half-sheets, mainly blank, have been sewn in (see pp.147-148, pp.199-200, pp.475-476, etc.).</subfield></datafield><datafield tag="500" ind1=" " ind2=" "><subfield code="a">Former shelfmark: British Museum, London "No. 135. Legal decisions of Muh. Ata Allah."</subfield></datafield><datafield tag="500" ind1=" " ind2=" "><subfield code="a">Binding: Limp dark brown leather (unusual grain) ; Type III binding (without flap) ; linings in laid paper ; upper and lower covers bear blind-tooled floral motifs for the central ornament, border and cornerpieces where they resemble carnations ; sewn in a red thread, two stations, though sewing often gone ; endbands entirely gone apart from traces of primaries ; in extremely poor condition with significant abrasion, moisture damage, shrinkage (lower cover in particular, which is quite ill-fitting), losses of spine leather, etc.</subfield></datafield><datafield tag="500" ind1=" " ind2=" "><subfield code="a">Support: European laid paper with 11 laid lines per cm. (horizontal) and chain lines spaced 26-28 mm. apart ; flower (?) watermark ; much staining ; moisture and or oil damage ; burn (acidic?) to edges.</subfield></datafield><datafield tag="500" ind1=" " ind2=" "><subfield code="a">Decoration: Keywords and section headings rubricated ; overlining and textual dividers in the form of discs in red ; written area in first few quires surrounded by red rule-border.</subfield></datafield><datafield tag="500" ind1=" " ind2=" "><subfield code="a">Script: Nastaʻlīq (talik) ; bold Turkish hand ; sans serif with effect of words descending to baseline, mainly closed counters, many sweeping descenders and elongated horizontal strokes, exaggerated contrast in line thickness between horizontal and vertical strokes ; single quire near the end of the text (pp.623-642) supplied in a different hand, being quite a neat Ottoman naskh.</subfield></datafield><datafield tag="500" ind1=" " ind2=" "><subfield code="a">Layout: Written in 29 lines per page ; frame-ruled.</subfield></datafield><datafield tag="500" ind1=" " ind2=" "><subfield code="a">Collation: i, III (6), VI (18), 34 V(358), V-8 (360), IV (368) ; chiefly quinions ; third quire from last appears to be missing (between pp.752-753, compare catchwords and foliation) ; catchwords present ; foliation in black ink, Hindu-Arabic numerals ; pagination in pencil, Western numerals, supplied during digitization (includes flyleaf and inserts, skips two pages each between pp.19-20, pp.109-110, pp.239-240).</subfield></datafield><datafield tag="500" ind1=" " ind2=" "><subfield code="a">Colophon: "Scribal", rectangular, reads: "تمت الكتاب في شهر ربيع الاخر في ٢٩ سنة خمس وعشرين ومائة والف "</subfield></datafield><datafield tag="500" ind1=" " ind2=" "><subfield code="a">Explicit: "حد قديم نه در الجواب برامردركه اولنى بيلور اولميه حد القديم ما لا يحفظه القران من محيط البرهاني في كتاب ما يمنع عنه الانسان ما لا يمنع. تم الكتاب بعون الله الملك الوهاب وصلى الله على سيدنا محمد واله واصحابه اجمعين والحمد لله رب العالمين تم الكتاب"</subfield></datafield><datafield tag="500" ind1=" " ind2=" "><subfield code="a">Incipit: "حمد وسپاس وشكر بى قياس خداى لا يزالى [كذا] لا يزاله كه اختراع كرده انواع انسان"</subfield></datafield><datafield tag="500" ind1=" " ind2=" "><subfield code="a">Title from inscription on incipit page (p.18).</subfield></datafield><datafield tag="500" ind1=" " ind2=" "><subfield code="a">Ms. codex.</subfield></datafield><datafield tag="510" ind1="4" ind2=" "><subfield code="a">Brockelmann, C. GAL,</subfield><subfield code="c">II 435 ; S N II 649</subfield></datafield><datafield tag="510" ind1="4" ind2=" "><subfield code="a">Rieu, C. Catalogue of the Turkish Manuscripts in the British Museum,</subfield><subfield code="c">p.16, Add. 7836.</subfield></datafield><datafield tag="520" ind1="8" ind2=" "><subfield code="a">Well-annotated and quite early copy of the collection of fatwás of Minkarizade Yahya Efendi compiled by Ataullah Mehmet Efendi (d.1715).</subfield></datafield><datafield tag="538" ind1=" " ind2=" "><subfield code="a">Mode of access: Internet.</subfield></datafield><datafield tag="541" ind1=" " ind2=" "><subfield code="c">Purchase ;</subfield><subfield code="a">Acquired by purchase along with Abdul Hamid Collection (funds donated by Horace Rackham).</subfield><subfield code="d">1924.</subfield></datafield><datafield tag="546" ind1=" " ind2=" "><subfield code="a">Ottoman Turkish and Arabic.</subfield></datafield><datafield tag="561" ind1=" " ind2=" "><subfield code="a">Bookplate of British Museum, London on interior of upper cover, "British Museum, London. No. 135. Legal decisions of Muh. Ata Allah." ; circular seal impression with figure of goat/gazelle in purple ink as well as inscription "108" in Western numerals on front flyleaf (p.1) ; large circular waqf seal impression dated 1324 [1906 or 7] in the name of the Ottoman sultan Abdülhamit II (1842-1918, r.1876-1909) for the library of the müftü Abdullah el-Erzincani (كتبخانه مفتي عبد الله الازنجانى ) appears on incipit page (p.18), at close (p.772), and elsewhere, reads "قد وقف هذا الكتاب السلطان الغازي عبد الحميد خان ثاني [؟] لكتبخانه مفتى عبد الله [؟] الارزنجانى بشرط ان لا يخرج منها ١٣٢٤" (compare appearance in Isl. Ms. 79) ; possible ownership statement in outer margin of incipit page (p.18), partially lost ; numerous notabilia (side-heads) and glosses ; occasional marginal corrections.</subfield></datafield><datafield tag="650" ind1=" " ind2="0"><subfield code="a">Manuscripts, Arabic</subfield><subfield code="z">Michigan</subfield><subfield code="z">Ann Arbor.</subfield></datafield><datafield tag="650" ind1=" " ind2="0"><subfield code="a">Manuscripts, Turkish</subfield><subfield code="z">Michigan</subfield><subfield code="z">Ann Arbor.</subfield></datafield><datafield tag="650" ind1=" " ind2="0"><subfield code="a">Islamic law</subfield><subfield code="v">Sources</subfield><subfield code="v">Early works to 1800.</subfield></datafield><datafield tag="650" ind1=" " ind2="0"><subfield code="a">Fatwas</subfield><subfield code="v">Early works to 1800.</subfield></datafield><datafield tag="700" ind1="0" ind2=" "><subfield code="6">880-04</subfield><subfield code="a">Ataullah Mehmet Efendi,</subfield><subfield code="d">-1715.</subfield></datafield><datafield tag="773" ind1="0" ind2=" "><subfield code="a">Tiflis Collection.</subfield></datafield><datafield tag="880" ind1="0" ind2=" "><subfield code="6">700-04/</subfield><subfield code="a">عطاء الله محمد افندى.</subfield></datafield><datafield tag="880" ind1="1" ind2="0"><subfield code="6">245-03/</subfield><subfield code="a">فتاواى عطاء الله,</subfield><subfield code="f">[1125ه, 1713م].</subfield></datafield><datafield tag="880" ind1="0" ind2=" "><subfield code="6">100-01/</subfield><subfield code="a">منقارى زاده يحيى افندى.</subfield></datafield><datafield tag="CID" ind1=" " ind2=" "><subfield code="a">006079809</subfield></datafield><datafield tag="DAT" ind1="0" ind2=" "><subfield code="a">20190719102634.0</subfield><subfield code="b">20190719000000.0</subfield></datafield><datafield tag="DAT" ind1="1" ind2=" "><subfield code="a">20190719090653.0</subfield><subfield code="b">2019-07-19T16:11:13Z</subfield></datafield><datafield tag="DAT" ind1="2" ind2=" "><subfield code="a">2015-10-10T18:00:06Z</subfield></datafield><datafield tag="CAT" ind1=" " ind2=" "><subfield code="a">SDR-MIU</subfield><subfield code="d">EX LIBRIS - ALEPH</subfield><subfield code="l">prepare.pl-004-008</subfield></datafield><datafield tag="FMT" ind1=" " ind2=" "><subfield code="a">BK</subfield></datafield><datafield tag="HOL" ind1=" " ind2=" "><subfield code="0">sdr-miu006079809</subfield><subfield code="a">MiU</subfield><subfield code="b">SDR</subfield><subfield code="c">MIU</subfield><subfield code="p">mdp.39015079125012</subfield><subfield code="s">MIU</subfield><subfield code="1">006079809</subfield></datafield><datafield tag="974" ind1=" " ind2=" "><subfield code="b">MIU</subfield><subfield code="c">MIU</subfield><subfield code="d">20190719</subfield><subfield code="s">lit-dlps-dc</subfield><subfield code="u">mdp.39015079125012</subfield><subfield code="y">1713</subfield><subfield code="r">pd</subfield><subfield code="q">bib</subfield><subfield code="t">non-US bib date1 &lt; 1879</subfield></datafield></record></collection>